@Article{Linsenmeier_2023,
  author    = {Linsenmeier, Manuel},
  journal   = {Journal of Environmental Economics and Management},
  title     = {Temperature variability and long-run economic development},
  year      = {2023},
  issn      = {0095-0696},
  month     = sep,
  pages     = {102840},
  volume    = {121},
  doi       = {10.1016/j.jeem.2023.102840},
  file      = {:C\:/Users/remon/OneDrive/_Uni/6 SS 25/1 T/01 lit/2023 Linsenmeier.pdf:PDF},
  groups    = {Skimmed},
  publisher = {Elsevier BV},
}

@Article{Cattaneo_2016,
  author    = {Cattaneo, Cristina and Peri, Giovanni},
  journal   = {Journal of Development Economics},
  title     = {The migration response to increasing temperatures},
  year      = {2016},
  issn      = {0304-3878},
  month     = sep,
  pages     = {127--146},
  volume    = {122},
  doi       = {10.1016/j.jdeveco.2016.05.004},
  file      = {:C\:/Users/remon/OneDrive/_Uni/6 SS 25/1 T/01 lit/2016 Cattaneo Peri.pdf:PDF},
  publisher = {Elsevier BV},
}

@Article{Druckenmiller_2018,
  author      = {Druckenmiller, Hannah and Hsiang, Solomon},
  title       = {Accounting for Unobservable Heterogeneity in Cross Section Using Spatial First Differences},
  year        = {2018},
  month       = {October},
  number      = {25177},
  doi         = {10.3386/w25177},
  file        = {:C\:/Users/remon/OneDrive/_Uni/6 SS 25/1 T/01 lit/2018 Druckenmiller Hsiang.pdf:PDF},
  groups      = {Read},
  institution = {National Bureau of Economic Research},
  priority    = {prio1},
  school      = {National Bureau of Economic Research},
  series      = {Working Paper Series},
  type        = {Working Paper},
  url         = {http://www.nber.org/papers/w25177},
}

@Article{Peri_2019,
  author      = {Peri, Giovanni and Sasahara, Akira},
  title       = {The Impact of Global Warming on Rural-Urban Migrations: Evidence from Global Big Data},
  year        = {2019},
  month       = {April},
  number      = {25728},
  doi         = {10.3386/w25728},
  file        = {:C\:/Users/remon/OneDrive/_Uni/6 SS 25/1 T/01 lit/2019 Peri Sasahara.pdf:PDF},
  groups      = {Read},
  institution = {National Bureau of Economic Research},
  priority    = {prio1},
  school      = {National Bureau of Economic Research},
  series      = {Working Paper Series},
  type        = {Working Paper},
  url         = {http://www.nber.org/papers/w25728},
}

@Article{Cattaneo_2019,
  author    = {Cattaneo, Cristina and Beine, Michel and Fröhlich, Christiane J. and Kniveton, Dominic and Martinez-Zarzoso, Inmaculada and Mastrorillo, Marina and Millock, Katrin and Piguet, Etienne and Schraven, Benjamin},
  journal   = {Review of Environmental Economics and Policy},
  title     = {Human Migration in the Era of Climate Change},
  year      = {2019},
  issn      = {1750-6824},
  month     = jul,
  number    = {2},
  pages     = {189-206},
  volume    = {13},
  doi       = {10.1093/reep/rez008},
  file      = {:C\:/Users/remon/OneDrive/_Uni/6 SS 25/1 T/01 lit/2019 Cattaneo.pdf:PDF},
  groups    = {Read},
  publisher = {University of Chicago Press},
}

@Article{Niva_2023,
  author    = {Niva, Venla and Horton, Alexander and Virkki, Vili and Heino, Matias and Kosonen, Maria and Kallio, Marko and Kinnunen, Pekka and Abel, Guy J. and Muttarak, Raya and Taka, Maija and Varis, Olli and Kummu, Matti},
  journal   = {Nature Human Behaviour},
  title     = {World’s human migration patterns in 2000–2019 unveiled by high-resolution data},
  year      = {2023},
  issn      = {2397-3374},
  month     = sep,
  number    = {11},
  pages     = {2023--2037},
  volume    = {7},
  doi       = {10.1038/s41562-023-01689-4},
  file      = {:C\:/Users/remon/OneDrive/_Uni/6 SS 25/1 T/01 lit/2023 Niva et al.pdf:PDF},
  groups    = {Skimmed},
  priority  = {prio1},
  publisher = {Springer Science and Business Media LLC},
}

@InBook{Hogan_2024,
  author    = {Hogan, Dylan and Schlenker, Wolfram},
  pages     = {53--111},
  publisher = {Elsevier},
  title     = {Empirical approaches to climate change impact quantification},
  year      = {2024},
  isbn      = {9780443313240},
  booktitle = {Handbook of the Economics of Climate Change},
  doi       = {10.1016/bs.hesecc.2024.10.006},
  file      = {:C\:/Users/remon/OneDrive/_Uni/6 SS 25/1 T/01 lit/2024 Handbook Chp2.pdf:PDF},
  groups    = {Read},
  issn      = {3050-7294},
}

@InBook{Carleton_2024,
  author    = {Carleton, Tamma and Duflo, Esther and Jack, B. Kelsey and Zappalà, Guglielmo},
  pages     = {143--248},
  publisher = {Elsevier},
  title     = {Adaptation to climate change},
  year      = {2024},
  isbn      = {9780443313240},
  booktitle = {Handbook of the Economics of Climate Change},
  doi       = {10.1016/bs.hesecc.2024.10.001},
  file      = {:C\:/Users/remon/OneDrive/_Uni/6 SS 25/1 T/01 lit/2024 Handbook Chp4.pdf:PDF},
  issn      = {3050-7294},
}

@Article{Beyer_2023,
  author    = {Beyer, Robert M. and Schewe, Jacob and Abel, Guy J.},
  journal   = {Frontiers in Climate},
  title     = {Modeling climate migration: dead ends and new avenues},
  year      = {2023},
  issn      = {2624-9553},
  month     = aug,
  volume    = {5},
  doi       = {10.3389/fclim.2023.1212649},
  file      = {:C\:/Users/remon/OneDrive/_Uni/6 SS 25/1 T/01 lit/2023 Beyer.pdf:PDF},
  groups    = {Read},
  publisher = {Frontiers Media SA},
}

@Comment{jabref-meta: databaseType:bibtex;}

@Comment{jabref-meta: grouping:
0 AllEntriesGroup:;
1 StaticGroup:To Read\;0\;1\;0xff00ffff\;\;\;;
1 StaticGroup:Skimmed\;0\;1\;0xffff00ff\;\;\;;
1 StaticGroup:Read\;0\;1\;0x00ff00ff\;\;\;;
1 StaticGroup:Used\;0\;1\;0x0000ffff\;\;\;;
}
