@book{example2023,
    author = {Author, A. and Writer, B.},
    title = {An Example Book},
    year = {2023},
    publisher = {Publisher Name},
}

@article{sample2022,
    author = {Researcher, C.},
    title = {A Sample Article},
    journal = {Journal Name},
    year = {2022},
    volume = {15},
    pages = {123--145},
}
